<record><leader>00000cas a2200000 a 4500</leader><controlfield tag="001">12696563</controlfield><controlfield tag="008">851019d18531866tnuir ne      0    0eng d</controlfield><datafield ind1=" " ind2=" " tag="010"><subfield code="a">sn 85038517 </subfield></datafield><datafield ind1=" " ind2=" " tag="040"><subfield code="a">NPY</subfield><subfield code="b">eng</subfield><subfield code="c">NPY</subfield><subfield code="d">NPX</subfield><subfield code="d">PPM</subfield><subfield code="d">KNP</subfield><subfield code="d">TGN</subfield><subfield code="d">OCL</subfield><subfield code="d">TGN</subfield><subfield code="d">OCLCQ</subfield><subfield code="d">OCLCF</subfield><subfield code="d">OCLCO</subfield></datafield><datafield ind1="1" ind2=" " tag="029"><subfield code="a">AU@</subfield><subfield code="b">000020234962</subfield></datafield><datafield ind1=" " ind2=" " tag="042"><subfield code="a">msc</subfield></datafield><datafield ind1=" " ind2=" " tag="043"><subfield code="a">n-us-tn</subfield></datafield><datafield ind1="0" ind2=" " tag="130"><subfield code="a">Nashville union and American (Nashville, Tenn. : 1853 : Triweekly)</subfield></datafield><datafield ind1="1" ind2="0" tag="245"><subfield code="a">Nashville union and American.</subfield></datafield><datafield ind1="1" ind2=" " tag="246"><subfield code="i">Colophon title:</subfield><subfield code="a">Union and American</subfield></datafield><datafield ind1=" " ind2=" " tag="260"><subfield code="a">Nashville, Tenn. :</subfield><subfield code="b">J.O. Griffith &amp; Co.</subfield></datafield><datafield ind1=" " ind2=" " tag="300"><subfield code="a">v. ;</subfield><subfield code="c">77 cm.</subfield></datafield><datafield ind1=" " ind2=" " tag="310"><subfield code="a">Three times a week</subfield></datafield><datafield ind1="1" ind2=" " tag="362"><subfield code="a">Began in 1853; ceased in Nov. 1866.</subfield></datafield><datafield ind1=" " ind2=" " tag="500"><subfield code="a">Suspended in &lt;Feb&gt; 1862-Apr. 1866.</subfield></datafield><datafield ind1=" " ind2=" " tag="580"><subfield code="a">Formed by the union of: Tri-weekly union (Nashville, Tenn.), and triweekly edition of Daily Nashville American (Nashville, Tenn. : 1852): (title unknown).</subfield></datafield><datafield ind1=" " ind2=" " tag="580"><subfield code="a">Continued by: Tri-weekly union and dispatch, after: Daily union and American, and: Weekly union and American, merged with: Nashville dispatch, and its weekly edition: (title unknown).</subfield></datafield><datafield ind1=" " ind2=" " tag="588"><subfield code="a">Description based on: Vol. 25, no. 263 (Feb. 19, 1861).</subfield></datafield><datafield ind1=" " ind2="0" tag="651"><subfield code="a">Nashville (Tenn.)</subfield><subfield code="v">Newspapers.</subfield></datafield><datafield ind1=" " ind2="0" tag="651"><subfield code="a">Davidson County (Tenn.)</subfield><subfield code="v">Newspapers.</subfield></datafield><datafield ind1=" " ind2="7" tag="655"><subfield code="a">Newspapers.</subfield><subfield code="2">fast</subfield><subfield code="0">(OCoLC)fst01423814</subfield></datafield><datafield ind1=" " ind2="7" tag="651"><subfield code="a">Tennessee</subfield><subfield code="z">Davidson County.</subfield><subfield code="2">fast</subfield><subfield code="0">(OCoLC)fst01205346</subfield></datafield><datafield ind1=" " ind2="7" tag="651"><subfield code="a">Tennessee</subfield><subfield code="z">Nashville.</subfield><subfield code="2">fast</subfield><subfield code="0">(OCoLC)fst01204195</subfield></datafield><datafield ind1=" " ind2=" " tag="752"><subfield code="a">United States</subfield><subfield code="b">Tennessee</subfield><subfield code="c">Davidson</subfield><subfield code="d">Nashville.</subfield></datafield><datafield ind1="0" ind2=" " tag="775"><subfield code="t">Nashville union and American (Nashville, Tenn. : 1853 : Daily)</subfield><subfield code="w">(DLC)sn 85038518</subfield></datafield><datafield ind1="0" ind2=" " tag="775"><subfield code="t">Daily union and American</subfield><subfield code="w">(DLC)sn 85038519</subfield></datafield><datafield ind1="0" ind2=" " tag="775"><subfield code="t">Weekly union and American</subfield><subfield code="w">(DLC)sn 86071274</subfield></datafield><datafield ind1="1" ind2="0" tag="780"><subfield code="t">Tri-weekly union (Nashville, Tenn.)</subfield><subfield code="w">(DLC)sn 86071269</subfield></datafield><datafield ind1="1" ind2="0" tag="785"><subfield code="t">Tri-weekly union and dispatch</subfield><subfield code="w">(DLC)sn2001062237</subfield></datafield><datafield ind1="1" ind2=" " tag="787"><subfield code="t">Daily union and American</subfield><subfield code="w">(DLC)sn 85038519</subfield></datafield><datafield ind1="1" ind2=" " tag="787"><subfield code="t">Weekly union and American</subfield><subfield code="w">(DLC)sn 86071274</subfield></datafield><datafield ind1="1" ind2=" " tag="787"><subfield code="t">Nashville dispatch</subfield><subfield code="w">(DLC)sn 86071166</subfield></datafield></record>